%YAML 1.1
%TAG !u! tag:unity3d.com,2011:
--- !u!1 &3158887461914268712
GameObject:
  m_ObjectHideFlags: 0
  m_CorrespondingSourceObject: {fileID: 0}
  m_PrefabInstance: {fileID: 0}
  m_PrefabAsset: {fileID: 0}
  serializedVersion: 6
  m_Component:
  - component: {fileID: 931587864784993962}
  - component: {fileID: 3611897552133619543}
  - component: {fileID: 133741395642350632}
  - component: {fileID: 709853049311612349}
  m_Layer: 8
  m_Name: Cube
  m_TagString: Untagged
  m_Icon: {fileID: 0}
  m_NavMeshLayer: 0
  m_StaticEditorFlags: 0
  m_IsActive: 0
--- !u!4 &931587864784993962
Transform:
  m_ObjectHideFlags: 0
  m_CorrespondingSourceObject: {fileID: 0}
  m_PrefabInstance: {fileID: 0}
  m_PrefabAsset: {fileID: 0}
  m_GameObject: {fileID: 3158887461914268712}
  m_LocalRotation: {x: 0, y: 0, z: 0, w: 1}
  m_LocalPosition: {x: 0, y: 0, z: 0}
  m_LocalScale: {x: 1, y: 1, z: 1}
  m_Children: []
  m_Father: {fileID: 2242472833909269047}
  m_RootOrder: 1
  m_LocalEulerAnglesHint: {x: 0, y: 0, z: 0}
--- !u!33 &3611897552133619543
MeshFilter:
  m_ObjectHideFlags: 0
  m_CorrespondingSourceObject: {fileID: 0}
  m_PrefabInstance: {fileID: 0}
  m_PrefabAsset: {fileID: 0}
  m_GameObject: {fileID: 3158887461914268712}
  m_Mesh: {fileID: 10202, guid: 0000000000000000e000000000000000, type: 0}
--- !u!23 &133741395642350632
MeshRenderer:
  m_ObjectHideFlags: 0
  m_CorrespondingSourceObject: {fileID: 0}
  m_PrefabInstance: {fileID: 0}
  m_PrefabAsset: {fileID: 0}
  m_GameObject: {fileID: 3158887461914268712}
  m_Enabled: 1
  m_CastShadows: 1
  m_ReceiveShadows: 1
  m_DynamicOccludee: 1
  m_MotionVectors: 1
  m_LightProbeUsage: 1
  m_ReflectionProbeUsage: 1
  m_RenderingLayerMask: 1
  m_RendererPriority: 0
  m_Materials:
  - {fileID: 2100000, guid: 31321ba15b8f8eb4c954353edc038b1d, type: 2}
  m_StaticBatchInfo:
    firstSubMesh: 0
    subMeshCount: 0
  m_StaticBatchRoot: {fileID: 0}
  m_ProbeAnchor: {fileID: 0}
  m_LightProbeVolumeOverride: {fileID: 0}
  m_ScaleInLightmap: 1
  m_PreserveUVs: 0
  m_IgnoreNormalsForChartDetection: 0
  m_ImportantGI: 0
  m_StitchLightmapSeams: 1
  m_SelectedEditorRenderState: 3
  m_MinimumChartSize: 4
  m_AutoUVMaxDistance: 0.5
  m_AutoUVMaxAngle: 89
  m_LightmapParameters: {fileID: 0}
  m_SortingLayerID: 0
  m_SortingLayer: 0
  m_SortingOrder: 0
--- !u!65 &709853049311612349
BoxCollider:
  m_ObjectHideFlags: 0
  m_CorrespondingSourceObject: {fileID: 0}
  m_PrefabInstance: {fileID: 0}
  m_PrefabAsset: {fileID: 0}
  m_GameObject: {fileID: 3158887461914268712}
  m_Material: {fileID: 0}
  m_IsTrigger: 0
  m_Enabled: 1
  serializedVersion: 2
  m_Size: {x: 1, y: 1, z: 1}
  m_Center: {x: 0, y: 0, z: 0}
--- !u!1 &8874475237243589390
GameObject:
  m_ObjectHideFlags: 0
  m_CorrespondingSourceObject: {fileID: 0}
  m_PrefabInstance: {fileID: 0}
  m_PrefabAsset: {fileID: 0}
  serializedVersion: 6
  m_Component:
  - component: {fileID: 2242472833909269047}
  - component: {fileID: -3391204320893658755}
  - component: {fileID: 5988272511098224147}
  - component: {fileID: -4114970525656871066}
  - component: {fileID: 9181742902204279291}
  - component: {fileID: -5324745579723353261}
  - component: {fileID: 7610810744887346478}
  - component: {fileID: -1726071215215287416}
  - component: {fileID: 7712072305978006138}
  - component: {fileID: 2678867083390826139}
  - component: {fileID: 1721846023865506050}
  - component: {fileID: 8683380655355257859}
  m_Layer: 8
  m_Name: ShotgunTrigger
  m_TagString: Untagged
  m_Icon: {fileID: 0}
  m_NavMeshLayer: 0
  m_StaticEditorFlags: 0
  m_IsActive: 1
--- !u!4 &2242472833909269047
Transform:
  m_ObjectHideFlags: 0
  m_CorrespondingSourceObject: {fileID: 0}
  m_PrefabInstance: {fileID: 0}
  m_PrefabAsset: {fileID: 0}
  m_GameObject: {fileID: 8874475237243589390}
  m_LocalRotation: {x: 0, y: 0, z: 0, w: 1}
  m_LocalPosition: {x: 0, y: 0, z: -0.124}
  m_LocalScale: {x: 1, y: 1, z: 1.5}
  m_Children:
  - {fileID: 9117718569953568107}
  - {fileID: 931587864784993962}
  m_Father: {fileID: 0}
  m_RootOrder: 0
  m_LocalEulerAnglesHint: {x: 0, y: 0, z: 0}
--- !u!114 &-3391204320893658755
MonoBehaviour:
  m_ObjectHideFlags: 0
  m_CorrespondingSourceObject: {fileID: 0}
  m_PrefabInstance: {fileID: 0}
  m_PrefabAsset: {fileID: 0}
  m_GameObject: {fileID: 8874475237243589390}
  m_Enabled: 1
  m_EditorHideFlags: 0
  m_Script: {fileID: 11500000, guid: e5bf4620df0b01c48a2b1165026e9a26, type: 3}
  m_Name: 
  m_EditorClassIdentifier: 
  _damage: 2
--- !u!114 &5988272511098224147
MonoBehaviour:
  m_ObjectHideFlags: 0
  m_CorrespondingSourceObject: {fileID: 0}
  m_PrefabInstance: {fileID: 0}
  m_PrefabAsset: {fileID: 0}
  m_GameObject: {fileID: 8874475237243589390}
  m_Enabled: 1
  m_EditorHideFlags: 0
  m_Script: {fileID: 11500000, guid: 8e2e636aa91c61945995958a38061c72, type: 3}
  m_Name: 
  m_EditorClassIdentifier: 
--- !u!114 &-4114970525656871066
MonoBehaviour:
  m_ObjectHideFlags: 0
  m_CorrespondingSourceObject: {fileID: 0}
  m_PrefabInstance: {fileID: 0}
  m_PrefabAsset: {fileID: 0}
  m_GameObject: {fileID: 8874475237243589390}
  m_Enabled: 1
  m_EditorHideFlags: 0
  m_Script: {fileID: 11500000, guid: 98eb6cfc672aef844aabeb5de8d48566, type: 3}
  m_Name: 
  m_EditorClassIdentifier: 
--- !u!114 &9181742902204279291
MonoBehaviour:
  m_ObjectHideFlags: 0
  m_CorrespondingSourceObject: {fileID: 0}
  m_PrefabInstance: {fileID: 0}
  m_PrefabAsset: {fileID: 0}
  m_GameObject: {fileID: 8874475237243589390}
  m_Enabled: 1
  m_EditorHideFlags: 0
  m_Script: {fileID: 11500000, guid: cd1e2d4cf457f46429e573bfbf9d4f9e, type: 3}
  m_Name: 
  m_EditorClassIdentifier: 
--- !u!114 &-5324745579723353261
MonoBehaviour:
  m_ObjectHideFlags: 0
  m_CorrespondingSourceObject: {fileID: 0}
  m_PrefabInstance: {fileID: 0}
  m_PrefabAsset: {fileID: 0}
  m_GameObject: {fileID: 8874475237243589390}
  m_Enabled: 1
  m_EditorHideFlags: 0
  m_Script: {fileID: 11500000, guid: d6ae35d9d5aef93448784f92448148f0, type: 3}
  m_Name: 
  m_EditorClassIdentifier: 
--- !u!114 &7610810744887346478
MonoBehaviour:
  m_ObjectHideFlags: 0
  m_CorrespondingSourceObject: {fileID: 0}
  m_PrefabInstance: {fileID: 0}
  m_PrefabAsset: {fileID: 0}
  m_GameObject: {fileID: 8874475237243589390}
  m_Enabled: 1
  m_EditorHideFlags: 0
  m_Script: {fileID: 11500000, guid: 0bc247cf570b56849b061d3ddca5503c, type: 3}
  m_Name: 
  m_EditorClassIdentifier: 
--- !u!114 &-1726071215215287416
MonoBehaviour:
  m_ObjectHideFlags: 0
  m_CorrespondingSourceObject: {fileID: 0}
  m_PrefabInstance: {fileID: 0}
  m_PrefabAsset: {fileID: 0}
  m_GameObject: {fileID: 8874475237243589390}
  m_Enabled: 1
  m_EditorHideFlags: 0
  m_Script: {fileID: 11500000, guid: a73ecde8e31262b4586eaf99313e8c33, type: 3}
  m_Name: 
  m_EditorClassIdentifier: 
--- !u!65 &7712072305978006138
BoxCollider:
  m_ObjectHideFlags: 0
  m_CorrespondingSourceObject: {fileID: 0}
  m_PrefabInstance: {fileID: 0}
  m_PrefabAsset: {fileID: 0}
  m_GameObject: {fileID: 8874475237243589390}
  m_Material: {fileID: 0}
  m_IsTrigger: 1
  m_Enabled: 1
  serializedVersion: 2
  m_Size: {x: 1, y: 1, z: 1}
  m_Center: {x: 0, y: 0, z: 0}
--- !u!114 &2678867083390826139
MonoBehaviour:
  m_ObjectHideFlags: 0
  m_CorrespondingSourceObject: {fileID: 0}
  m_PrefabInstance: {fileID: 0}
  m_PrefabAsset: {fileID: 0}
  m_GameObject: {fileID: 8874475237243589390}
  m_Enabled: 1
  m_EditorHideFlags: 0
  m_Script: {fileID: 11500000, guid: f1d10fd2886750b48a25fadc9919d324, type: 3}
  m_Name: 
  m_EditorClassIdentifier: 
--- !u!114 &1721846023865506050
MonoBehaviour:
  m_ObjectHideFlags: 0
  m_CorrespondingSourceObject: {fileID: 0}
  m_PrefabInstance: {fileID: 0}
  m_PrefabAsset: {fileID: 0}
  m_GameObject: {fileID: 8874475237243589390}
  m_Enabled: 1
  m_EditorHideFlags: 0
  m_Script: {fileID: 11500000, guid: a860b9aace4bb0642970e048259e0391, type: 3}
  m_Name: 
  m_EditorClassIdentifier: 
  _timer: 4
  _damageOverTime: 1
  _tick: 0.95
--- !u!114 &8683380655355257859
MonoBehaviour:
  m_ObjectHideFlags: 0
  m_CorrespondingSourceObject: {fileID: 0}
  m_PrefabInstance: {fileID: 0}
  m_PrefabAsset: {fileID: 0}
  m_GameObject: {fileID: 8874475237243589390}
  m_Enabled: 1
  m_EditorHideFlags: 0
  m_Script: {fileID: 11500000, guid: 8552ddcc0aa088044b3f905325a34885, type: 3}
  m_Name: 
  m_EditorClassIdentifier: 
  _prefab: {fileID: 9190625580628880658, guid: 62ab1b1a464ebf444adb8cbbbf37f6ad, type: 3}
  _numOfObjects: 2
  poolParent: {fileID: 0}
--- !u!1001 &5948562936355293744
PrefabInstance:
  m_ObjectHideFlags: 0
  serializedVersion: 2
  m_Modification:
    m_TransformParent: {fileID: 2242472833909269047}
    m_Modifications:
    - target: {fileID: 8449507474512608935, guid: deca9b4a70377cd4bb79ccbb9fa6e942,
        type: 3}
      propertyPath: m_Name
      value: AttackRadius
      objectReference: {fileID: 0}
    - target: {fileID: 8449507474512608935, guid: deca9b4a70377cd4bb79ccbb9fa6e942,
        type: 3}
      propertyPath: m_Layer
      value: 8
      objectReference: {fileID: 0}
    - target: {fileID: 8449507474512608935, guid: deca9b4a70377cd4bb79ccbb9fa6e942,
        type: 3}
      propertyPath: m_IsActive
      value: 0
      objectReference: {fileID: 0}
    - target: {fileID: 3171992923404480347, guid: deca9b4a70377cd4bb79ccbb9fa6e942,
        type: 3}
      propertyPath: m_LocalPosition.x
      value: 0
      objectReference: {fileID: 0}
    - target: {fileID: 3171992923404480347, guid: deca9b4a70377cd4bb79ccbb9fa6e942,
        type: 3}
      propertyPath: m_LocalPosition.y
      value: 0
      objectReference: {fileID: 0}
    - target: {fileID: 3171992923404480347, guid: deca9b4a70377cd4bb79ccbb9fa6e942,
        type: 3}
      propertyPath: m_LocalPosition.z
      value: 0
      objectReference: {fileID: 0}
    - target: {fileID: 3171992923404480347, guid: deca9b4a70377cd4bb79ccbb9fa6e942,
        type: 3}
      propertyPath: m_LocalRotation.x
      value: 0.7071068
      objectReference: {fileID: 0}
    - target: {fileID: 3171992923404480347, guid: deca9b4a70377cd4bb79ccbb9fa6e942,
        type: 3}
      propertyPath: m_LocalRotation.y
      value: 0
      objectReference: {fileID: 0}
    - target: {fileID: 3171992923404480347, guid: deca9b4a70377cd4bb79ccbb9fa6e942,
        type: 3}
      propertyPath: m_LocalRotation.z
      value: 0
      objectReference: {fileID: 0}
    - target: {fileID: 3171992923404480347, guid: deca9b4a70377cd4bb79ccbb9fa6e942,
        type: 3}
      propertyPath: m_LocalRotation.w
      value: 0.7071068
      objectReference: {fileID: 0}
    - target: {fileID: 3171992923404480347, guid: deca9b4a70377cd4bb79ccbb9fa6e942,
        type: 3}
      propertyPath: m_RootOrder
      value: 0
      objectReference: {fileID: 0}
    - target: {fileID: 3171992923404480347, guid: deca9b4a70377cd4bb79ccbb9fa6e942,
        type: 3}
      propertyPath: m_LocalEulerAnglesHint.x
      value: 90
      objectReference: {fileID: 0}
    - target: {fileID: 3171992923404480347, guid: deca9b4a70377cd4bb79ccbb9fa6e942,
        type: 3}
      propertyPath: m_LocalEulerAnglesHint.y
      value: 0
      objectReference: {fileID: 0}
    - target: {fileID: 3171992923404480347, guid: deca9b4a70377cd4bb79ccbb9fa6e942,
        type: 3}
      propertyPath: m_LocalEulerAnglesHint.z
      value: 0
      objectReference: {fileID: 0}
    - target: {fileID: 3171992923404480347, guid: deca9b4a70377cd4bb79ccbb9fa6e942,
        type: 3}
      propertyPath: m_LocalScale.x
      value: 0.8
      objectReference: {fileID: 0}
    - target: {fileID: 3171992923404480347, guid: deca9b4a70377cd4bb79ccbb9fa6e942,
        type: 3}
      propertyPath: m_LocalScale.y
      value: 0.8
      objectReference: {fileID: 0}
    - target: {fileID: 3171992923404480347, guid: deca9b4a70377cd4bb79ccbb9fa6e942,
        type: 3}
      propertyPath: m_LocalScale.z
      value: 0.8
      objectReference: {fileID: 0}
    - target: {fileID: 7822102547280278481, guid: deca9b4a70377cd4bb79ccbb9fa6e942,
        type: 3}
      propertyPath: m_Color.r
      value: 1
      objectReference: {fileID: 0}
    - target: {fileID: 7822102547280278481, guid: deca9b4a70377cd4bb79ccbb9fa6e942,
        type: 3}
      propertyPath: m_Color.g
      value: 0
      objectReference: {fileID: 0}
    - target: {fileID: 7822102547280278481, guid: deca9b4a70377cd4bb79ccbb9fa6e942,
        type: 3}
      propertyPath: m_Color.b
      value: 0.028217316
      objectReference: {fileID: 0}
    m_RemovedComponents: []
  m_SourcePrefab: {fileID: 100100000, guid: deca9b4a70377cd4bb79ccbb9fa6e942, type: 3}
--- !u!4 &9117718569953568107 stripped
Transform:
  m_CorrespondingSourceObject: {fileID: 3171992923404480347, guid: deca9b4a70377cd4bb79ccbb9fa6e942,
    type: 3}
  m_PrefabInstance: {fileID: 5948562936355293744}
  m_PrefabAsset: {fileID: 0}
