%YAML 1.1
%TAG !u! tag:unity3d.com,2011:
--- !u!1 &8874475237243589390
GameObject:
  m_ObjectHideFlags: 0
  m_CorrespondingSourceObject: {fileID: 0}
  m_PrefabInstance: {fileID: 0}
  m_PrefabAsset: {fileID: 0}
  serializedVersion: 6
  m_Component:
  - component: {fileID: 2242472833909269047}
  - component: {fileID: -2067862427901263429}
  - component: {fileID: -6145221311223917767}
  - component: {fileID: 7504468218037305736}
  - component: {fileID: -3685065650608457497}
  - component: {fileID: 4880213288697940081}
  m_Layer: 8
  m_Name: SlowProjectile
  m_TagString: Untagged
  m_Icon: {fileID: 0}
  m_NavMeshLayer: 0
  m_StaticEditorFlags: 0
  m_IsActive: 1
--- !u!4 &2242472833909269047
Transform:
  m_ObjectHideFlags: 0
  m_CorrespondingSourceObject: {fileID: 0}
  m_PrefabInstance: {fileID: 0}
  m_PrefabAsset: {fileID: 0}
  m_GameObject: {fileID: 8874475237243589390}
  m_LocalRotation: {x: 0.7071068, y: 0, z: 0, w: 0.7071068}
  m_LocalPosition: {x: 56.3904, y: 286.9598, z: 950.2886}
  m_LocalScale: {x: 1, y: 1, z: 1}
  m_Children:
  - {fileID: 8653467425243668920}
  m_Father: {fileID: 0}
  m_RootOrder: 0
  m_LocalEulerAnglesHint: {x: 90, y: 0, z: 0}
--- !u!114 &-2067862427901263429
MonoBehaviour:
  m_ObjectHideFlags: 0
  m_CorrespondingSourceObject: {fileID: 0}
  m_PrefabInstance: {fileID: 0}
  m_PrefabAsset: {fileID: 0}
  m_GameObject: {fileID: 8874475237243589390}
  m_Enabled: 1
  m_EditorHideFlags: 0
  m_Script: {fileID: 11500000, guid: d6ae35d9d5aef93448784f92448148f0, type: 3}
  m_Name: 
  m_EditorClassIdentifier: 
--- !u!114 &-6145221311223917767
MonoBehaviour:
  m_ObjectHideFlags: 0
  m_CorrespondingSourceObject: {fileID: 0}
  m_PrefabInstance: {fileID: 0}
  m_PrefabAsset: {fileID: 0}
  m_GameObject: {fileID: 8874475237243589390}
  m_Enabled: 1
  m_EditorHideFlags: 0
  m_Script: {fileID: 11500000, guid: d7dc3d4c32c02e14d8ad60ce053b9468, type: 3}
  m_Name: 
  m_EditorClassIdentifier: 
  _movespeed: 4
--- !u!114 &7504468218037305736
MonoBehaviour:
  m_ObjectHideFlags: 0
  m_CorrespondingSourceObject: {fileID: 0}
  m_PrefabInstance: {fileID: 0}
  m_PrefabAsset: {fileID: 0}
  m_GameObject: {fileID: 8874475237243589390}
  m_Enabled: 1
  m_EditorHideFlags: 0
  m_Script: {fileID: 11500000, guid: 6690a0978d9c9194f98e3b9bf9c2cc2e, type: 3}
  m_Name: 
  m_EditorClassIdentifier: 
  _force: 0.75
  _timer: 2
--- !u!114 &-3685065650608457497
MonoBehaviour:
  m_ObjectHideFlags: 0
  m_CorrespondingSourceObject: {fileID: 0}
  m_PrefabInstance: {fileID: 0}
  m_PrefabAsset: {fileID: 0}
  m_GameObject: {fileID: 8874475237243589390}
  m_Enabled: 1
  m_EditorHideFlags: 0
  m_Script: {fileID: 11500000, guid: 0bc247cf570b56849b061d3ddca5503c, type: 3}
  m_Name: 
  m_EditorClassIdentifier: 
--- !u!114 &4880213288697940081
MonoBehaviour:
  m_ObjectHideFlags: 0
  m_CorrespondingSourceObject: {fileID: 0}
  m_PrefabInstance: {fileID: 0}
  m_PrefabAsset: {fileID: 0}
  m_GameObject: {fileID: 8874475237243589390}
  m_Enabled: 1
  m_EditorHideFlags: 0
  m_Script: {fileID: 11500000, guid: ae4a3a39504bb3143bcc0a78749cf061, type: 3}
  m_Name: 
  m_EditorClassIdentifier: 
  _timer: 0.3
--- !u!1001 &8654214608596720648
PrefabInstance:
  m_ObjectHideFlags: 0
  serializedVersion: 2
  m_Modification:
    m_TransformParent: {fileID: 2242472833909269047}
    m_Modifications:
    - target: {fileID: 1032008612205418, guid: 1d9d7e4a5882a4f1780122aa8bdda501, type: 3}
      propertyPath: m_Name
      value: gem_10
      objectReference: {fileID: 0}
    - target: {fileID: 4143594771807664, guid: 1d9d7e4a5882a4f1780122aa8bdda501, type: 3}
      propertyPath: m_LocalPosition.x
      value: -0
      objectReference: {fileID: 0}
    - target: {fileID: 4143594771807664, guid: 1d9d7e4a5882a4f1780122aa8bdda501, type: 3}
      propertyPath: m_LocalPosition.y
      value: 0
      objectReference: {fileID: 0}
    - target: {fileID: 4143594771807664, guid: 1d9d7e4a5882a4f1780122aa8bdda501, type: 3}
      propertyPath: m_LocalPosition.z
      value: 0
      objectReference: {fileID: 0}
    - target: {fileID: 4143594771807664, guid: 1d9d7e4a5882a4f1780122aa8bdda501, type: 3}
      propertyPath: m_LocalRotation.x
      value: 0
      objectReference: {fileID: 0}
    - target: {fileID: 4143594771807664, guid: 1d9d7e4a5882a4f1780122aa8bdda501, type: 3}
      propertyPath: m_LocalRotation.y
      value: -0
      objectReference: {fileID: 0}
    - target: {fileID: 4143594771807664, guid: 1d9d7e4a5882a4f1780122aa8bdda501, type: 3}
      propertyPath: m_LocalRotation.z
      value: -0
      objectReference: {fileID: 0}
    - target: {fileID: 4143594771807664, guid: 1d9d7e4a5882a4f1780122aa8bdda501, type: 3}
      propertyPath: m_LocalRotation.w
      value: 1
      objectReference: {fileID: 0}
    - target: {fileID: 4143594771807664, guid: 1d9d7e4a5882a4f1780122aa8bdda501, type: 3}
      propertyPath: m_RootOrder
      value: 0
      objectReference: {fileID: 0}
    - target: {fileID: 4143594771807664, guid: 1d9d7e4a5882a4f1780122aa8bdda501, type: 3}
      propertyPath: m_LocalEulerAnglesHint.x
      value: 0
      objectReference: {fileID: 0}
    - target: {fileID: 4143594771807664, guid: 1d9d7e4a5882a4f1780122aa8bdda501, type: 3}
      propertyPath: m_LocalEulerAnglesHint.y
      value: 0
      objectReference: {fileID: 0}
    - target: {fileID: 4143594771807664, guid: 1d9d7e4a5882a4f1780122aa8bdda501, type: 3}
      propertyPath: m_LocalEulerAnglesHint.z
      value: 0
      objectReference: {fileID: 0}
    - target: {fileID: 4143594771807664, guid: 1d9d7e4a5882a4f1780122aa8bdda501, type: 3}
      propertyPath: m_LocalScale.x
      value: 0.1
      objectReference: {fileID: 0}
    - target: {fileID: 4143594771807664, guid: 1d9d7e4a5882a4f1780122aa8bdda501, type: 3}
      propertyPath: m_LocalScale.y
      value: 0.1
      objectReference: {fileID: 0}
    - target: {fileID: 4143594771807664, guid: 1d9d7e4a5882a4f1780122aa8bdda501, type: 3}
      propertyPath: m_LocalScale.z
      value: 0.1
      objectReference: {fileID: 0}
    m_RemovedComponents: []
  m_SourcePrefab: {fileID: 100100000, guid: 1d9d7e4a5882a4f1780122aa8bdda501, type: 3}
--- !u!4 &8653467425243668920 stripped
Transform:
  m_CorrespondingSourceObject: {fileID: 4143594771807664, guid: 1d9d7e4a5882a4f1780122aa8bdda501,
    type: 3}
  m_PrefabInstance: {fileID: 8654214608596720648}
  m_PrefabAsset: {fileID: 0}
